+----------------------------+
|Exemplo de citação de artigo|
+----------------------------+
@Article{exemplo_artigo,
  title = 		"Medida de sei lá o que usando técnica fulana de tal",
  author = 		"D. T. Fulano and D. T. Cicrano",
  journal = 		"Ocioso Letters",
  volume = 		"95",
  number = 		"14",
  issue = 		"3",
  pages = 		"1 - 1000",
  year = 		"1973",
  month = 		"Nov",
  publisher = 		"Tabajara Pubishing",
  collaboration = 	"nobody",
  keywords = 		"integrated circuits; polymer films",
  url = 		"http://link.aip.org/link/?APL/73/108/1",
  doi = 		"10.1063/1.121783",
  numpages = 		"3",
  eid = 		"203510",
  issn = 		"0009-2614",
  eprint = 		"http://journals.cambridge.org/article_S0305004100011683",
  note = 		"",
  abstract =		"Bla bla bla bla bla (esse campo pode ser realmente grande!) bla bla bla",
  eissn = 		"10773118",
  coden = 		"APPLAB",
}

+---------------------------+
|Exemplo de citação de livro|
+---------------------------+
@Book{exemplo_book,
  author = 	"D. T. Fulano",
  title = 	"Introduction to Procrastination",
  year = 	"1999",
  edition =     "8$^{th}$",
  publisher = 	"John Wiley {\&} Sons, inc"
}

+-----------------------------------+
|Exemplo de citação de outras coisas|
+-----------------------------------+
@misc{exemplo_misc,
  title = 	"Titulo",
  author = 	"D. T. Fulano",
  year = 	"2009",
  note = 	"\texttt{http://www.pudim.com.br}",
  url = 	"http://www.ocioso.com.br",
  publisher =   "American Embromation Society"
}

@misc{Flemming1929,
  title =   "{\href{http://www.acs.org/content/acs/en/education/whatischemistry/landmarks/flemingpenicillin.html}{Discovery and Development of Penicillin.}}",
  author =  "American Chemical Society",
  year =  "1999",
  note =  "visited in August, 26, 2015",
  url =   "http://goo.gl/i1qY8t",
  publisher = "American Chemical Society"
}

@article{Moore1998,
  author =  {Moore, G. E.},
  journal =   {Proc. IEEE},
  number =  {1},
  pages =   {82--85},
  title =   {\href{http://www.cs.utexas.edu/users/fussell/courses/cs352h/papers/moore.pdf}{Cramming more components onto integrated circuits}},
  volume =  {86},
  year =  {1998}
}

@article{Chua1971,
  author =  "Chua, Leon O.",
  title =   {\href{http://ieeexplore.ieee.org/xpl/freeabs_all.jsp?arnumber=1083337}{Memristor - The Missing Circuit Element}},
  journal =   "IEEE Trans. Circ. Theo.",
  volume =  "CT-18",
  number =  "5",
  pages =   "507 - 519",
  year =  "1971",
}

@article{Williams2008,
  author =  "Strukov, Dmitri B. and Snider, Gregory S. and Stewart, Duncan R. and Williams, R. Stanley",
  title  =  {\href{http://dx.doi.org/10.1038/nature06932}{The missing memristor found}},
  journal =   "Nature",
  year  =   "2008",
  volume =  "453",
  issue =   "7191",
  pages =   "80 - 83",
  publisher =   "Nature Publishing Group",
}

@article{Chua1976,
  author =  "Chua, Leon O. and Kang, S. M.",
  title =   "\href{http://ieeexplore.ieee.org/xpl/freeabs_all.jsp?arnumber=1454361}{Memristive Devices and Systems}",
  journal =   "Proc. IEEE",
  volume =  "64",
  number =  "2",
  pages =   "209 - 223",
  year =  "1976",
}

@article{Johnson1968,
  author =  {Johnson, O. W.},
  journal =   {Appl. Phys. Lett.},
  number =  {10},
  pages =   {338},
  title =   {\href{http://link.aip.org/link/?APL/13/338/1\&Agg=doi}{Field-Enhanced Conductivity in TiO$_2$ (Rutile)}},
  volume =  {13},
  year =  {1968}
}

@article{Argall1968,
  author =  {Argall, F.},
  journal = {Sol. St. Elec.},
  number =  {5},
  pages = {535-541},
  title = {\href{http://www.sciencedirect.com/science/article/pii/0038110168900920}{Switching phenomena in titanium oxide thin films}},
  volume =  {11},
  year =  {1968}
}

@article{Hickmott1962,
  author =  {Hickmott, T. W.},
  journal =   {J. Appl. Phys.},
  number =  {9},
  pages =   {2669},
  title =   {\href{http://link.aip.org/link/JAPIAU/v33/i9/p2669/s1\&Agg=doi}{Low-Frequency Negative Resistance in Thin Anodic Oxide Films}},
  volume =  {33},
  year =  {1962}
}

@article{Chopra1965,
  author =  {Chopra, K. L.},
  journal =   {J. Appl. Phys.},
  number =  {1},
  pages =   {184},
  title =   {\href{http://link.aip.org/link/JAPIAU/v36/i1/p184/s1\&Agg=doi}{Avalanche-Induced Negative Resistance in Thin Oxide Films}},
  volume =  {36},
  year =  {1965}
}

@article{Oxley1977,
  author = {Oxley, D. P.},
  journal = {Act. Passiv. Elec. Comp.},
  number = {4},
  pages = {217--224},
  title = {\href{http://www.hindawi.com/journals/apec/1977/814918/abs/}{Electroforming, switching and memory effects in oxide thin films}},
  volume = {3},
  year = {1977}
}

@article{Hirose1976,
  author = {Hirose, Y.},
  journal = {J. Appl. Phys.},
  number = {6},
  pages = {2767},
  title = {\href{http://link.aip.org/link/?JAP/47/2767/1\&Agg=doi}{Polarity-dependent memory switching and behavior of Ag dendrite in Ag-photodoped amorphous As$_2$S$_3$ films}},
  volume = {47},
  year = {1976}
}

@article{Upadhyaya1995,
  author = {Upadhyaya, H. M. and Chandra, S.},
  journal = {Semicond. Sci. Tech.},
  number = {3},
  pages = {332--338},
  title = {\href{http://stacks.iop.org/0268-1242/10/i=3/a=016?key=crossref.5f9c35ce68054cf471182134141b609a}{Polarity-dependent memory switching effects in the Ti/Cd$_x$Pb$_{1-x}$S/Ag system}},
  volume = {10},
  year = {1995}
}

@article{Waser2007,
  author =  {Waser, R. and Aono, M.},
  journal =   {Nature Mat.},
  number =  {11},
  pages =   {833--40},
  pmid =  {17972938},
  title =   {\href{http://www.ncbi.nlm.nih.gov/pubmed/17972938}{Nanoionics-based resistive switching memories.}},
  volume =  {6},
  year =  {2007}
}

@article{Simmons1967,
  author = {Simmons, J. G. and Verderber, R. R.},
  journal = {Proc. R. Soc. A Math. Phys. Eng. Sci.},
  number = {1464},
  pages = {77--102},
  title = {\href{http://rspa.royalsocietypublishing.org/cgi/doi/10.1098/rspa.1967.0191}{New Conduction and Reversible Memory Phenomena in Thin Insulating Films}},
  volume = {301},
  year = {1967}
}

@article{Prodromakis2012,
  author = {Prodromakis, T. and Toumazou, C. and Chua, L.},
  journal = {Nature Mat.},
  number = {6},
  pages = {478--81},
  pmid = {22614504},
  title = {\href{http://www.ncbi.nlm.nih.gov/pubmed/22614504}{Two centuries of memristors.}},
  volume = {11},
  year = {2012}
}

@article{Vongehr2015,
  author = {Vongehr, S. and Meng, X.},
  journal = {Sci. Rep.},
  pages = {11657},
  title = {\href{http://www.nature.com/doifinder/10.1038/srep11657}{The Missing Memristor has Not been Found}},
  volume = {5},
  year = {2015}
}

@article{Gale2014,
  author = {Gale, E.},
  journal = {Semicond. Sci. Tech.},
  pages = {104004},
  title = {\href{http://stacks.iop.org/0268-1242/29/i=10/a=104004?key=crossref.249fcf971a736c6d4bece422a7532971}{TiO$_2$-based memristors and ReRAM: materials, mechanisms and models (a review)}},
  volume = {29},
  year = {2014}
}

@article{Chua2011,
  author =  "Chua, Leon O.",
  title =   "\href{http://www.springerlink.com/index/10.1007/s00339-011-6264-9}{Resistance switching memories are memristors}",
  journal =   "Appl. Phys. A",
  volume =  "102",
  number =  "4",
  pages =   "765-783",
  year =  "2011"
}

@article{Yang2012,
  author =  {Yang, J. Joshua and Strukov, Dmitri B. and Stewart, Duncan R.},
  journal =   {Nature Nano.},
  number =  {1},
  pages =   {13--24},
  title =   {\href{http://www.nature.com/doifinder/10.1038/nnano.2012.240}{Memristive devices for computing}},
  volume =  {8},
  year =  {2012}
}

@article{Waser2009,
  author =  {Waser, Rainer and Dittmann, Regina and Staikov, Georgi and Szot, Kristof},
  journal =   {Adv. Mat.},
  number =  {25-26},
  pages =   {2632--2663},
  title =   {\href{http://doi.wiley.com/10.1002/adma.200900375}{Redox-Based Resistive Switching Memories - Nanoionic Mechanisms, Prospects, and Challenges}},
  volume =  {21},
  year =  {2009}
}

@article{Szot2011,
  author =  {Szot, K and Rogala, M and Speier, W and Klusek, Z and Besmehn, a and Waser, R},
  journal =   {Nanotechnology},
  number =  {25},
  pages =   {254001},
  pmid =  {21572202},
  title =   {\href{http://www.ncbi.nlm.nih.gov/pubmed/21572202}{TiO$_2$--a prototypical memristive material.}},
  volume =  {22},
  year =  {2011}
}

@article{Strachan2009,
  author =  {Strachan, John Paul and {Joshua Yang}, J and M\"{u}nstermann, Ruth and Scholl, Andreas and Medeiros-Ribeiro, Gilberto and Stewart, Duncan R and {Stanley Williams}, R},
  journal =   {Nanotechnology},
  number =  {48},
  pages =   {485701},
  pmid =  {19880979},
  title =   {\href{http://www.ncbi.nlm.nih.gov/pubmed/19880979}{Structural and chemical characterization of TiO$_2$ memristive devices by spatially-resolved NEXAFS.}},
  volume =  {20},
  year =  {2009}
}

@article{Choi2005,
  author =  {Choi, B. J. and Jeong, D. S. and Kim, S. K. and Rohde, C. and Choi, S. and Oh, J. H. and Kim, H. J. and Hwang, C. S. and Szot, K. and Waser, R. and Reichenberg, B. and Tiedke, S.},
  journal =   {J. Appl. Phys.},
  number =  {3},
  pages =   {033715},
  title =   {\href{http://link.aip.org/link/JAPIAU/v98/i3/p033715/s1\&Agg=doi}{Resistive switching mechanism of TiO$_2$ thin films grown by atomic-layer deposition}},
  volume =  {98},
  year =  {2005}
}

@article{Pinto1971,
  author =  {Pinto, R},
  journal =   {Phys. Lett. A},
  number =  {3},
  pages =   {155-156},
  title =   {\href{http://linkinghub.elsevier.com/retrieve/pii/0375960171901228}{Filamentary switching and memory action in thin anodic oxides}},
  volume =  {35},
  year =  {1971}
}

@article{Seo2004,
  author =  {Seo, S. and Lee, M. J. and Seo, D. H. and Jeoung, E. J. and Suh, D.-S. and Joung, Y. S. and Yoo, I. K. and Hwang, I. R. and Kim, S. H. and Byun, I. S. and Kim, J.-S. and Choi, J. S. and Park, B. H.},
  journal =   {Appl. Phys. Lett.},
  number =  {23},
  pages =   {5655},
  title =   {\href{http://link.aip.org/link/APPLAB/v85/i23/p5655/s1\&Agg=doi}{Reproducible resistance switching in polycrystalline NiO films}},
  volume =  {85},
  year =  {2004}
}

@article{Syu2013,
  author = {Syu, Yong-En and Chang, Ting-Chang and Lou, Jyun-Hao and Tsai, Tsung-Ming and Chang, Kuan-Chang and Tsai, Ming-Jinn and Wang, Ying-Lang and Liu, Ming and Sze, Simon M.},
  journal = {Appl. Phys. Lett.},
  number = {17},
  pages = {172903},
  title = {\href{http://link.aip.org/link/APPLAB/v102/i17/p172903/s1\&Agg=doi}{Atomic-level quantized reaction of HfO$_x$ memristor}},
  volume = {102},
  year = {2013}
}

@article{Luo2013,
  author = {Luo, Wun-Cheng and Hou, Tuo-Hung and Lin, Kuan-Liang and Lee, Yao-Jen and Lei, Tan-Fu},
  journal = {Sol. St. Elec.},
  pages = {167--170},
  title = {\href{http://linkinghub.elsevier.com/retrieve/pii/S0038110113002785}{Reversible transition of resistive switching induced by oxygen-vacancy and metal filaments in HfO$_2$}},
  volume = {89},
  year = {2013}
}

@article{Kundozerova2012,
  author = {Kundozerova, T. V. and Grishin, A. M. and Stefanovich, G. B. and Velichko, A. A.},
  journal = {IEEE Trans. Elec. Dev.},
  number = {4},
  pages = {1144--1148},
  title = {\href{http://ieeexplore.ieee.org/lpdocs/epic03/wrapper.htm?arnumber=6151086}{Anodic Nb$_2$O$_5$ Nonvolatile RRAM}},
  volume = {59},
  year = {2012}
}

@article{Wang2013,
  author = {Wang, X. L. and Ku, P. S. and Shao, Q. and Cheng, W. F. and Leung, C. W. and Ruotolo, a.},
  journal = {Appl. Phys. Lett.},
  number = {22},
  pages = {223508},
  title = {\href{http://link.aip.org/link/APPLAB/v103/i22/p223508/s1\&Agg=doi}{Magnetism as a probe of the origin of memristive switching in p-type antiferromagnetic NiO}},
  volume = {103},
  year = {2013}
}

@article{Kim2013a,
  author = {Kim, Jae-Deuk and Baek, Yoon-Jae and {Jin Choi}, Young and {Jung Kang}, Chi and {Ho Lee}, Hyun and Kim, Hyun-Mi and Kim, Ki-Bum and Yoon, Tae-Sik},
  journal = {J. Appl. Phys.},
  number = {22},
  pages = {224505},
  title = {\href{http://link.aip.org/link/JAPIAU/v114/i22/p224505/s1\&Agg=doi}{Investigation of analog memristive switching of iron oxide nanoparticle assembly between Pt electrodes}},
  volume = {114},
  year = {2013}
}

@article{Huang2013,
  author = {Huang, Chi-Hsin and Huang, Jian-Shiou and Lai, Chih-Chung and Huang, Hsin-Wei and Lin, Su-Jien and Chueh, Yu-Lun},
  journal = {ACS Appl. Mat. Interf.},
  number = {13},
  pages = {6017--23},
  pmid = {23705848},
  title = {\href{http://www.ncbi.nlm.nih.gov/pubmed/23705848}{Manipulated transformation of filamentary and homogeneous resistive switching on ZnO thin film memristor with controllable multistate.}},
  volume = {5},
  year = {2013}
}

@article{Chen2013,
  author = {Chen, Jui-Yuan and Hsin, Cheng-lun and Huang, Chun-Wei and Chiu, Chung-hua and Huang, Yu-ting and Lin, Su-Jien and Wu, Wen-Wei and Chen, Lih-Juann},
  journal = {Nano Lett.},
  number = {8},
  pages = {3671--7},
  pmid = {23855543},
  title = {\href{http://www.ncbi.nlm.nih.gov/pubmed/23855543}{Dynamic evolution of conducting nanofilament in resistive switching memories.}},
  volume = {13},
  year = {2013}
}

@article{Kim2013b,
  author = {Kim, Jonggi and Lee, Kyumin and Kim, Yonjae and Na, Heedo and Ko, Dae-Hong and Sohn, Hyunchul and Lee, Sunghoon},
  journal = {Mater. Chem. Phys.},
  number = {2-3},
  pages = {608--613},
  title = {\href{http://linkinghub.elsevier.com/retrieve/pii/S0254058413005944}{Effect of thermal annealing on resistance switching characteristics of Pt/ZrO$_2$/TiN stacks}},
  volume = {142},
  year = {2013}
}

@article{Kim2013c,
  author = {Kim, Yunseok and Jang, Jae Hyuck and Park, Sang-Joon and Jesse, Stephen and Donovan, Leonard and Borisevich, Albina Y. and Lee, Woo and Kalinin, Sergei V.},
  journal = {Nanotechnology},
  number = {8},
  pages = {085702},
  pmid = {23377014},
  title = {\href{http://www.ncbi.nlm.nih.gov/pubmed/23377014}{Local probing of electrochemically induced negative differential resistance in TiO$_2$ memristive materials.}},
  volume = {24},
  year = {2013}
}

@article{Miao2011a,
  author = {Miao, Feng and Strachan, John Paul and Yang, J. Joshua and Zhang, Min-Xian and Goldfarb, Ilan and Torrezan, Antonio C. and Eschbach, Peter and Kelley, Ronald D and Medeiros-Ribeiro, Gilberto and Williams, R. Stanley},
  journal = {Adv. Mat.},
  number = {47},
  pages = {5633--40},
  pmid = {22065427},
  title = {\href{http://www.ncbi.nlm.nih.gov/pubmed/22065427}{Anatomy of a nanoscale conduction channel reveals the mechanism of a high-performance memristor.}},
  volume = {23},
  year = {2011}
}

@article{Yang2010,
  author =  {Yang, J. Joshua and Zhang, M.-X. and Strachan, John Paul and Miao, Feng and Pickett, Matthew D. and Kelley, Ronald D. and Medeiros-Ribeiro, G. and Williams, R. Stanley},
  journal =   {Appl. Phys. Lett.},
  number =  {23},
  pages =   {232102},
  title =   {\href{http://link.aip.org/link/APPLAB/v97/i23/p232102/s1\&Agg=doi}{High switching endurance in TaO${}_x$ memristive devices}},
  volume =  {97},
  year =  {2010}
}

@article{Yang2011,
  author = {Yang, J. Joshua and Strachan, John Paul and Miao, Feng and Zhang, Min-Xian and Pickett, Matthew D. and Yi, Wei and Ohlberg, Douglas a. a. and Medeiros-Ribeiro, G. and Williams, R. Stanley},
  journal = {Appl. Phys. A},
  number = {4},
  pages = {785--789},
  title = {\href{http://www.springerlink.com/index/10.1007/s00339-011-6265-8}{Metal/TiO$_2$ interfaces for memristive switches}},
  volume = {102},
  year = {2011}
}

@article{Miao2012,
  author = {Miao, Feng and Yi, Wei and Goldfarb, Ilan and Yang, J Joshua and Zhang, Min-Xian and Pickett, Matthew D and Strachan, John Paul and Medeiros-Ribeiro, Gilberto and Williams, R Stanley},
  doi = {10.1021/nn2044577},
  journal = {ACS Nano},
  number = {3},
  pages = {2312--8},
  pmid = {22324891},
  title = {\href{http://www.ncbi.nlm.nih.gov/pubmed/22324891}{Continuous electrical tuning of the chemical composition of TaO$_x$-based memristors.}},
  volume = {6},
  year = {2012}
}

@article{Miao2011b,
  author = {Miao, Feng and {Joshua Yang}, J and Borghetti, Julien and Medeiros-Ribeiro, Gilberto and {Stanley Williams}, R},
  journal = {Nanotechnology},
  number = {25},
  pages = {254007},
  pmid = {21572203},
  title = {\href{http://www.ncbi.nlm.nih.gov/pubmed/21572203}{Observation of two resistance switching modes in TiO$_2$ memristive devices electroformed at low current.}},
  volume = {22},
  year = {2011}
}

@article{Becke2014,
  author = {Becke, Axel D.},
  journal = {J. Chem. Phys.},
  number = {18},
  pages = {18A301},
  title = {\href{http://scitation.aip.org/content/aip/journal/jcp/140/18/10.1063/1.4869598}{Perspective: Fifty years of density-functional theory in chemical physics}},
  volume = {140},
  year = {2014}
}

@article{Beck2000,
  author = {Beck, a. and Bednorz, J. G. and Gerber, Ch. and Rossel, C. and Widmer, D.},
  journal = {Appl. Phys. Lett.},
  number = {1},
  pages = {139},
  title = {\href{http://link.aip.org/link/APPLAB/v77/i1/p139/s1\&Agg=doi}{Reproducible switching effect in thin oxide films for memory applications}},
  volume = {77},
  year = {2000}
}

@article{Ignatiev2006,
  author =  {Ignatiev, a. and Wu, N. J. and Chen, X. and Liu, S. Q. and Papagianni, C. and Strozier, J.},
  journal =   {Phys. Stat. Sol. B},
  number =  {9},
  pages =   {2089--2097},
  title =   {\href{http://doi.wiley.com/10.1002/pssb.200666805}{Resistance switching in perovskite thin films}},
  volume =  {243},
  year =  {2006}
}

@article{Rossel2001,
  author =  {Rossel, C. and Meijer, G. I. and Bremaud, D. and Widmer, D.},
  journal =   {J. Appl. Phys.},
  number =  {6},
  pages =   {2892},
  title =   {\href{http://link.aip.org/link/JAPIAU/v90/i6/p2892/s1\&Agg=doi}{Electrical current distribution across a metal–insulator–metal structure during bistable switching}},
  volume =  {90},
  year =  {2001}
}


@article{Sawa2006,
  author =  {Sawa, a. and Fujii, T. and Kawasaki, M. and Tokura, Y.},
  journal =   {Appl. Phys. Lett.},
  number =  {23},
  pages =   {232112},
  title =   {\href{http://link.aip.org/link/APPLAB/v88/i23/p232112/s1\&Agg=doi}{Interface resistance switching at a few nanometer thick perovskite manganite active layers}},
  volume =  {88},
  year =  {2006}
}

@article{Dong2008,
  author =  {Dong, Yajie and Yu, Guihua and McAlpine, Michael C and Lu, Wei and Lieber, Charles M},
  journal =   {Nano Lett.},
  number =  {2},
  pages =   {386--91},
  pmid =  {18220442},
  title =   {\href{http://www.ncbi.nlm.nih.gov/pubmed/18220442}{Si/a-Si core/shell nanowires as nonvolatile crossbar switches.}},
  volume =  {8},
  year =  {2008}
}

@article{Mehonic2012,
  author =  {Mehonic, Adnan and Cueff, Sébastien and Wojdak, Maciej and Hudziak, Stephen and Jambois, Olivier and Labbé, Christophe and Garrido, Blas and Rizk, Richard and Kenyon, Anthony J.},
  journal =   {J. Appl. Phys.},
  number =  {7},
  pages =   {074507},
  title =   {\href{http://link.aip.org/link/JAPIAU/v111/i7/p074507/s1\&Agg=doi}{Resistive switching in silicon suboxide films}},
  volume =  {111},
  year =  {2012}
}

@article{Guo2013,
  author = {Guo, Zhonglu and Sa, Baisheng and Zhou, Jian and Sun, Zhimei},
  journal = {J. Alloys Comp.},
  pages = {148--151},
  title = {\href{http://linkinghub.elsevier.com/retrieve/pii/S0925838813011900}{Role of oxygen vacancies in the resistive switching of SrZrO$_3$ for resistance random access memory}},
  volume = {580},
  year = {2013}
}

@article{Guo2012,
  author = {Guo, Yuzheng and Clark, Stewart J and Robertson, John},
  journal = {J. Phys. Cond. Mat.},
  number = {32},
  pages = {325504, 1--8},
  pmid = {22809821},
  title = {\href{http://www.ncbi.nlm.nih.gov/pubmed/22809821}{Electronic and magnetic properties of Ti$_2$O$_3$, Cr$_2$O$_3$, and Fe$_2$O$_3$ calculated by the screened exchange hybrid density functional.}},
  volume = {24},
  year = {2012}
}

@article{Pilch2014,
  author = {Pilch, M. and Molak, a.},
  journal = {J. Alloys Comp.},
  pages = {488--498},
  title = {\href{http://linkinghub.elsevier.com/retrieve/pii/S0925838813025188}{Resistivity switching induced in ferroelectric phase of PbTiO$_3$ studied by XPS and electric conductivity tests}},
  volume = {586},
  year = {2014}
}

@article{Chang2013,
  author = {Chang, Yao-Feng and Ji, Li and Wang, Yanzhen and Chen, Pai-Yu and Zhou, Fei and Xue, Fei and Fowler, Burt and Yu, Edward T. and Lee, Jack C.},
  journal = {Appl. Phys. Lett.},
  number = {19},
  pages = {193508},
  title = {\href{http://link.aip.org/link/APPLAB/v103/i19/p193508/s1\&Agg=doi}{Investigation of edge- and bulk-related resistive switching behaviors and backward-scan effects in SiO$_x$-based resistive switching memory}},
  volume = {103},
  year = {2013}
}

@article{He2013,
  author = {He, Xiongwu and Yin, Yanling and Guo, Jie and Yuan, Huajun and Peng, Yuehua and Zhou, Yong and Zhao, Ding and Hai, Kuo and Zhou, Weichang and Tang, Dongsheng},
  journal = {Nanoscale Res. Lett.},
  number = {1},
  pages = {50},
  title = {\href{http://www.pubmedcentral.nih.gov/articlerender.fcgi?artid=3563520\&tool=pmcentrez\&rendertype=abstract}{Memristive properties of hexagonal WO$_3$ nanowires induced by oxygen vacancy migration.}},
  volume = {8},
  year = {2013}
}

@article{Scanlon2013,
  author = {Scanlon, David O. and Dunnill, Charles W. and Buckeridge, John and Shevlin, Stephen A. and Logsdail, Andrew J. and Woodley, Scott M. and Catlow, C. Richard A. and Powell, Michael. J. and Palgrave, Robert G. and Parkin, Ivan P. and Watson, Graeme W. and Keal, Thomas W. and Sherwood, Paul and Walsh, Aron and Sokol, Alexey A.},
  journal = {Nature Mat.},
  number = {9},
  pages = {798--801},
  pmid = {23832124},
  title = {\href{http://www.nature.com/doifinder/10.1038/nmat3697}{Band alignment of rutile and anatase TiO$_2$}},
  volume = {12},
  year = {2013}
}

@article{Muenstermann2010,
  author = {Muenstermann, Ruth and Menke, Tobias and Dittmann, Regina and Waser, Rainer},
  journal = {Adv. Mater.},
  number = {43},
  pages = {4819--22},
  pmid = {20803540},
  title = {\href{http://www.ncbi.nlm.nih.gov/pubmed/20803540}{Coexistence of filamentary and homogeneous resistive switching in Fe-doped SrTiO$_3$ thin-film memristive devices.}},
  volume = {22},
  year = {2010}
}

@article{Amtout1995,
  author = {Amtout, A. and Leonelli, R.},
  journal = {Phys. Rev. B},
  number = {11},
  pages = {6842--6851},
  title = {\href{http://link.aps.org/doi/10.1103/PhysRevB.51.6842}{Optical properties of rutile near its fundamental band gap}},
  volume = {51},
  year = {1995}
}

@article{Uchida2008,
  author = {Uchida, M. and Fujioka, J. and Onose, Y. and Tokura, Y.},
  journal = {Phys. Rev. Lett.},
  number = {6},
  pages = {066406},
  title = {\href{http://link.aps.org/doi/10.1103/PhysRevLett.101.066406}{Charge Dynamics in Thermally and Doping Induced Insulator-Metal Transitions of (Ti$_{1-x}$V$_x$)$_2$O$_3$}},
  volume = {101},
  year = {2008}
}

@article{Szot2006,
  author =  {Szot, Krzysztof and Speier, Wolfgang and Bihlmayer, Gustav and Waser, Rainer},
  journal =   {Nature Mat.},
  number =  {4},
  pages =   {312--20},
  pmid =  {16565712},
  title =   {\href{http://www.ncbi.nlm.nih.gov/pubmed/16565712}{Switching the electrical resistance of individual dislocations in single-crystalline SrTiO$_3$.}},
  volume =  {5},
  year =  {2006}
}

@article{VanderSluis2003,
  author =  {van der Sluis, P.},
  journal =   {Appl. Phys. Lett.},
  number =  {23},
  pages =   {4089},
  title =   {\href{http://link.aip.org/link/APPLAB/v82/i23/p4089/s1\&Agg=doi}{Non-volatile memory cells based on Zn$_x$Cd$_{1−x}$S ferroelectric Schottky diodes}},
  volume =  {82},
  year =  {2003}
}

@article{Li2009,
  author =  {Li, Y. F. and Kaneko, T. and Hatakeyama, R.},
  journal =   {J. Appl. Phys.},
  number =  {12},
  pages =   {124316},
  title =   {\href{http://link.aip.org/link/JAPIAU/v106/i12/p124316/s1\&Agg=doi}{High-performance negative differential resistance behavior in fullerenes encapsulated double-walled carbon nanotubes}},
  volume =  {106},
  year =  {2009}
}

@article{Gomes2008,
  author = {Gomes, H.L. and a.R.V. Benvenho and de Leeuw, D.M. and C\"{o}lle, M. and Stallinga, P. and Verbakel, F. and Taylor, D.M.},
  journal = {Org. Elec.},
  number = {1},
  pages = {119--128},
  title = {\href{http://linkinghub.elsevier.com/retrieve/pii/S1566119907001449}{Switching in polymeric resistance random-access memories (RRAMS)}},
  volume = {9},
  year = {2008}
}

@article{Fujisaki2010,
  author =  {Fujisaki, Yoshihisa},
  journal =   {Jap. J. Appl. Phys.},
  number =  {10},
  pages =   {100001},
  title =   {\href{http://jjap.jsap.jp/link?JJAP/49/100001/}{Current Status of Nonvolatile Semiconductor Memory Technology}},
  volume =  {49},
  year =  {2010}
}

@article{Jeong2012,
  author =  {Jeong, Doo Seok and Thomas, Reji and Katiyar, R S and Scott, J F and Kohlstedt, H and Petraru, a and Hwang, Cheol Seong},
  journal =   {Rep. Prog. Phys.},
  number =  {7},
  pages =   {076502},
  pmid =  {22790779},
  title =   {\href{http://www.ncbi.nlm.nih.gov/pubmed/22790779}{Emerging memories: resistive switching mechanisms and current status.}},
  volume =  {75},
  year =  {2012}
}

@article{Kim2011,
  author =  {Kim, Kyung Min and Jeong, Doo Seok and Hwang, Cheol Seong},
  journal =   {Nanotechnology},
  number =  {25},
  pages =   {254002},
  pmid =  {21572206},
  title =   {\href{http://www.ncbi.nlm.nih.gov/pubmed/21572206}{Nanofilamentary resistive switching in binary oxide system; a review on the present status and outlook.}},
  volume =  {22},
  year =  {2011}
}

@article{Pan2014,
  author = {Pan, F. and Gao, S. and Chen, C. and Song, C. and Zeng, F.},
  journal = {Mat. Sci. Eng. R Rep.},
  pages = {1--59},
  title = {\href{http://linkinghub.elsevier.com/retrieve/pii/S0927796X14000692}{Recent progress in resistive random access memories: Materials, switching mechanisms, and performance}},
  volume = {83},
  year = {2014}
}

@article{JoshuaYang2012,
  author = {{Joshua Yang}, J. and Zhang, M.-X. and Pickett, Matthew D. and Miao, Feng and {Paul Strachan}, John and Li, Wen-Di and Yi, Wei and Ohlberg, Douglas a. a. and {Joon Choi}, Byung and Wu, Wei and Nickel, Janice H. and Medeiros-Ribeiro, Gilberto and {Stanley Williams}, R.},
  journal = {Appl. Phys. Lett.},
  number = {11},
  pages = {113501},
  title = {\href{http://link.aip.org/link/APPLAB/v100/i11/p113501/s1\&Agg=doi}{Engineering nonlinearity into memristors for passive crossbar applications}},
  volume = {100},
  year = {2012}
}

@article{JoshuaYang2009,
  author =  {{Joshua Yang}, J and Miao, Feng and Pickett, Matthew D and Ohlberg, Douglas a a and Stewart, Duncan R and Lau, Chun Ning and Williams, R Stanley},
  journal =   {Nanotechnology},
  number =  {21},
  pages =   {215201},
  pmid =  {19423925},
  title =   {\href{http://www.ncbi.nlm.nih.gov/pubmed/19423925}{The mechanism of electroforming of metal oxide memristive switches.}},
  volume =  {20},
  year =  {2009}
}

@article{Yang2014,
  author = {Yang, Yuchao and Gao, Peng and Li, Linze and Pan, Xiaoqing and Tappertzhofen, Stefan and Choi, ShinHyun and Waser, Rainer and Valov, Ilia and Lu, Wei D},
  journal = {Nat. Comm.},
  number = {May},
  pages = {4232},
  pmid = {24953477},
  title = {\href{http://www.ncbi.nlm.nih.gov/pubmed/24953477}{Electrochemical dynamics of nanoscale metallic inclusions in dielectrics.}},
  volume = {5},
  year = {2014}
}

@article{Guo2007,
  author = {Guo, Xin and Schindler, Christina and Menzel, Stephan and Waser, Rainer},
  journal = {Appl. Phys. Lett.},
  number = {13},
  pages = {2--5},
  title = {\href{http://scitation.aip.org/content/aip/journal/apl/91/13/10.1063/1.2793686}{Understanding the switching-off mechanism in Ag$^+$ migration based resistively switching model systems}},
  volume = {91},
  year = {2007}
}

@article{Kwon2010,
  author = {Kwon, Deok-Hwang and Kim, Kyung Min and Jang, Jae Hyuck and Jeon, Jong Myeong and Lee, Min Hwan and Kim, Gun Hwan and Li, Xiang-Shu and Park, Gyeong-Su and Lee, Bora and Han, Seungwu and Kim, Miyoung and Hwang, Cheol Seong},
  journal = {Nat. Nanotech.},
  number = {2},
  pages = {148--53},
  pmid = {20081847},
  title = {\href{http://www.ncbi.nlm.nih.gov/pubmed/20081847}{Atomic structure of conducting nanofilaments in TiO$_2$ resistive switching memory.}},
  volume = {5},
  year = {2010}
}

@article{Medeiros-Ribeiro2011,
  author =  {Medeiros-Ribeiro, Gilberto and Perner, Frederick and Carter, Richard and Abdalla, Hisham and Pickett, Matthew D and Williams, R Stanley},
  journal =   {Nanotechnology},
  number =  {9},
  pages =   {095702},
  pmid =  {21258143},
  title =   {\href{http://www.ncbi.nlm.nih.gov/pubmed/21258143}{Lognormal switching times for titanium dioxide bipolar memristors: origin and resolution.}},
  volume =  {22},
  year =  {2011}
}

@article{Pickett2009,
  author =  {Pickett, Matthew D. and Strukov, Dmitri B. and Borghetti, Julien L. and Yang, J. Joshua and Snider, Gregory S. and Stewart, Duncan R. and Williams, R. Stanley},
  journal =   {J. Appl. Phys.},
  number =  {7},
  pages =   {074508},
  title =   {\href{http://link.aip.org/link/JAPIAU/v106/i7/p074508/s1\&Agg=doi}{Switching dynamics in titanium dioxide memristive devices}},
  volume =  {106},
  year =  {2009}
}

@article{HwanKim2011,
  author = {{Hwan Kim}, Gun and {Ho Lee}, Jong and {Yeong Seok}, Jun and {Ji Song}, Seul and {Ho Yoon}, Jung and {Jean Yoon}, Kyung and {Hwan Lee}, Min and {Min Kim}, Kyung and {Dong Lee}, Hyung and {Wook Ryu}, Seung and {Joo Park}, Tae and {Seong Hwang}, Cheol},
  journal = {Appl. Phys. Lett.},
  number = {26},
  pages = {262901},
  title = {\href{http://link.aip.org/link/APPLAB/v98/i26/p262901/s1\&Agg=doi}{Improved endurance of resistive switching TiO$_2$ thin film by hourglass shaped Magneli filaments}},
  volume = {98},
  year = {2011}
}

@article{Ielmini2012,
  author = {Ielmini, Daniele and Nardi, Federico and Balatti, Simone},
  journal = {IEEE Trans. Elec. Dev.},
  number = {8},
  pages = {2049--2056},
  title = {\href{http://ieeexplore.ieee.org/lpdocs/epic03/wrapper.htm?arnumber=6221962}{Evidence for voltage-driven set/reset processes in bipolar switching RRAM}},
  volume = {59},
  year = {2012}
}

@article{Robinson1974,
  author  = {Robinson, W. R.},
  journal   = {J. Sol. St. Chem.},
  number  = {3},
  title   = {\href{http://www.sciencedirect.com/science/article/pii/0022459674900826}{The crystal structures of Ti$_2$O$_3$, a semiconductor, and (Ti$_{0.900}$V$_{0.100}$)$_2$O$_3$, a semimetal}},
  pages   = {255--260},
  volume  = {9},
  year    = {1974}
}

@article{Abrahams1963,
  author  = {Abrahams, S.},
  journal   = {Phys. Rev.},
  number  = {6},
  title   = {\href{http://journals.aps.org/pr/abstract/10.1103/PhysRev.130.2230}{Magnetic and Crystal Structure of Titanium Sesquioxide}},
  pages   = {2230--2237},
  volume  = {130},
  year    = {1963}
}

@article{Ielmini2011,
  author = {Ielmini, Daniele},
  journal = {IEEE Trans. Elec. Dev.},
  number = {12},
  pages = {4309--4317},
  title = {\href{http://ieeexplore.ieee.org/lpdocs/epic03/wrapper.htm?arnumber=6035768}{Modeling the Universal Set/Reset Characteristics of Bipolar RRAM by Field- and Temperature-Driven Filament Growth}},
  volume = {58},
  year = {2011}
}

@article{Schroeder2010,
  author = {Schroeder, Herbert and Zhirnov, Victor V. and Cavin, Ralph K. and Waser, Rainer},
  journal = {J. Appl. Phys.},
  number = {5},
  pages = {054517},
  title = {\href{http://link.aip.org/link/JAPIAU/v107/i5/p054517/s1\&Agg=doi}{Voltage-time dilemma of pure electronic mechanisms in resistive switching memory cells}},
  volume = {107},
  year = {2010}
}

@Book{Rusakov2002,
  author =  "Rusakov, A.A. and Zhdanov, G.S.",
  title =   "Golden Book of Phase Transitions, Wroclaw",
  year =  "2002"
}

@article{Asbrink1959,
  author  = "{\AA}sbrink, S. and Magn{\'{e}}li, A.",
  journal   = "Acta Cryst.",
  year    = "1959",
  volume  = "12",
  title   = {\href{http://scripts.iucr.org/cgi-bin/paper?S0365110X59001694}{Crystal structure studies on trititanium pentoxide, Ti$_3$O$_5$}},
  number  = "8",
  pages   = "575--581"
}

@article{Grey1994,
  author  = {Grey, I.E. and Li, C. and Madsen, I.C.},
  title   = {\href{http://www.sciencedirect.com/science/article/pii/S0022459684713429}{Phase Equilibria and Structural Studies on the Solid Solution MgTi$_2$O$_5$-Ti$_3$O$_5$.}},
  journal   = {J. Sol. Stat. Chem.},
  number  = {1},
  pages   = {62--73},
  volume  = {113},
  year    = {1994}
}

@article{Hong1982,
  author  = "Hong, S.-H. and {\AA}sbrink, S.",
  journal   = "Acta Cryst. B",
  year    = "1982",
  title   = {\href{http://scripts.iucr.org/cgi-bin/paper?S056774088200939X}{The structure of $\gamma$-Ti$_3$O$_5$ at 297 K}},
  volume  = "38",
  number  = "10",
  pages   = "2570--2576",
}

@article{Onoda1998,
  author  = {Onoda, Masashige},
  title   = {\href{http://www.sciencedirect.com/science/article/pii/S002245969797657X}{Phase Transitions of Ti$_3$O$_5$}},
  journal   = {J. Sol. Stat. Chem.},
  number  = {1},
  pages   = {67--73},
  volume  = {136},
  year    = {1998}
}

@article{Belsky2002,
  author = {Belsky, Alec and Hellenbrandt, Mariette and Karen, Vicky Lynn and Luksch, Peter},
  journal = {Acta Cryst. B},
  number = {3},
  pages = {364--369},
  title = {\href{http://scripts.iucr.org/cgi-bin/paper?S0108768102006948}{New developments in the Inorganic Crystal Structure Database (ICSD): accessibility in support of materials research and design}},
  volume = {58},
  year = {2002}
}

@article{Aroyo2006,
  author = {Aroyo, Mois I. and Kirov, Asen and Capillas, Cesar and Perez-Mato, J. M. and Wondratschek, Hans},
  journal = {Acta Cryst. A},
  number = {2},
  pages = {115--128},
  pmid = {16489249},
  title = {\href{http://scripts.iucr.org/cgi-bin/paper?S0108767305040286}{Bilbao Crystallographic Server. II. Representations of crystallographic point groups and space groups}},
  volume = {62},
  year = {2006}
}

@article{Perdew2008,
  author = {Perdew, John and Ruzsinszky, Adrienn and Csonka, G{\'{a}}bor and Vydrov, Oleg and Scuseria, Gustavo and Constantin, Lucian and Zhou, Xiaolan and Burke, Kieron},
  journal = {Phys. Rev. Lett.},
  number = {13},
  pages = {136406},
  title = {\href{http://link.aps.org/doi/10.1103/PhysRevLett.100.136406}{Restoring the Density-Gradient Expansion for Exchange in Solids and Surfaces}},
  volume = {100},
  year = {2008}
}

@article{LePage1984,
  author  = {{Le Page}, Y. and Marezio, M.},
  journal   = {J. Sol. State Chem.},
  title   = {\href{http://www.sciencedirect.com/science/article/pii/0022459684902238}{Structural chemistry of Magn\'eli phases Ti$_n$O$_{2n−1}$ ($4 \leq n \leq 9$): IV. Superstructure in Ti$_4$O$_7$ at 140 K}},
  number  = {1},
  pages   = {13--21},
  volume  = {53},
  year    = {1984}
}

@article{Marezio1973,
  author  = {Marezio, M. and McWhan, D.B. and Dernier, P.D. and Remeika, J.P.},
  title   = {\href{http://www.sciencedirect.com/science/article/pii/0022459673901849}{Structural aspects of the metal-insulator transitions in Ti$_4$O$_7$}},
  journal   = {J. Sol. State Chem.},
  number  = {2},
  pages   = {213--221},
  volume  = {6},
  year    = {1973}
}

@article{Marezio1971,
  author  = {Marezio, M. and Dernier, P.D.},
  title   = {\href{http://www.sciencedirect.com/science/article/pii/0022459671900697}{The crystal structure of Ti$_4$O$_7$, a member of the homologous series Ti$_n$O$_{2n−1}$}},
  journal   = {J. Sol. State Chem.},
  number  = {3},
  pages   = {340--348},
  volume  = {3},
  year    = {1971}
}

@article{Andersson1960,
  author  = {Andersson, S. and Templeton, D. H. and Rundqvist, S. and Varde, E. and Westin, G.},
  title   = {\href{http://actachemscand.org/doi/10.3891/acta.chem.scand.14-1161}{The Crystal Structure of Ti$_5$O$_9$.}},
  journal   = {Acta Chem. Scand.},
  pages   = {1161--1172},
  volume  = {14},
  year    = {1960}
}

@article{Lee2012,
  author = {Lee, H-Y. and Clark, S. and Robertson, J.},
  title = {\href{http://journals.aps.org/prb/abstract/10.1103/PhysRevB.86.075209}{Calculation of point defects in rutile TiO$_2$ by the screened-exchange hybrid functional}},
  journal = {Phys. Rev. B},
  number = {7},
  pages = {075209},
  volume = {86},
  year = {2012}
}

@article{Janotti2010,
  author = {Janotti, A. and Varley, J. B. and Rinke, P. and Umezawa, N. and Kresse, G. and {Van de Walle}, C. G.},
  title = {\href{http://journals.aps.org/prb/abstract/10.1103/PhysRevB.81.085212}{Hybrid functional studies of the oxygen vacancy in TiO$_2$}},
  journal = {Phys. Rev. B},
  number = {8},
  pages = {085212},
  volume = {81},
  year = {2010}
}

@article{Kim2009,
  author = {Kim, Y-S. and Hummer, K. and Kresse, G.},
  title = {\href{http://journals.aps.org/prb/abstract/10.1103/PhysRevB.80.035203}{Accurate band structures and effective masses for InP, InAs, and InSb using hybrid functionals}},
  journal = {Phys. Rev. B},
  number = {3},
  pages = {035203},
  volume = {80},
  year = {2009}
}

@article{Rao1971,
  journal = "J. Sol. St. Chem.",
  volume = "3",
  number = "1",
  pages = "83 - 88",
  year = "1971",
  author = "C.N.R. Rao and S. Ramdas and R.E. Loehman and J.M. Honig",
  title = {\href{http://www.sciencedirect.com/science/article/pii/0022459671900119}{Semiconductor-metal transition in Ti$_3$O$_5$}}
}

@article{Bartholomew1969,
  author  = {Bartholomew, R. and Frankl, D.},
  title   = {\href{http://journals.aps.org/pr/abstract/10.1103/PhysRev.187.828}{Electrical Properties of Some Titanium Oxides}},
  journal   = {Phys. Rev.},
  number  = {3},
  pages   = {828--833},
  volume  = {187},
  year    = {1969}
}

@article{Mulay1970,
  author = {Mulay, L. N.},
  journal = {J. Appl. Phys.},
  number = {3},
  pages = {877},
  title = {\href{http://scitation.aip.org/content/aip/journal/jap/41/3/10.1063/1.1658997}{Cooperative Magnetic Transitions in the Titanium-Oxygen System: A New Approach}},
  volume = {41},
  year = {1970}
}

@article{Abbate1995,
  author = {Abbate, M. and Potze, R. and Sawatzky, G. and Schlenker, C. and Lin, H. and Tjeng, L. and Chen, C. and Teehan, D. and Turner, T.},
  journal = {Phys. Rev. B},
  number = {15},
  pages = {10150--10153},
  title = {\href{http://link.aps.org/doi/10.1103/PhysRevB.51.10150}{Changes in the electronic structure of Ti$_4$O$_7$ across the semiconductor–semiconductor-metal transitions}},
  volume = {51},
  year = {1995}
}

@article{Padilha2014,
  author = {Padilha, A. C. M. and Osorio-Guill\'{e}n, J. M. and Rocha, A. R. and Dalpian, G. M.},
  journal = {Phys. Rev. B},
  title = {\href{http://journals.aps.org/prb/abstract/10.1103/PhysRevB.90.035213}{Ti$_n$O$_{2n−1}$ Magn\'eli phases studied using density functional theory}},
  number = {3},
  pages = {035213},
  volume = {90},
  year = {2014}
}

@article{Ihm1979,
  author = {Ihm, J. and Zunger, A. and Cohen, M. L.},
  journal = {J. Phys. C},
  title = {\href{http://iopscience.iop.org/article/10.1088/0022-3719/12/21/009/meta;jsessionid=F45FEBCDC3FFA00833DF3B614EA5C628.c2.iopscience.cld.iop.org}{Momentum-space formalism for the total energy of solids}},
  number = {21},
  pages = {4409--4422},
  volume = {12},
  year = {1979}
}

@article{Blochl1994,
  author =  {Bl\"{o}chl, P. E.},
  journal =   {Phys. Rev. B},
  number =  {24},
  pages =   {17953--17979},
  title =   {\href{http://link.aps.org/doi/10.1103/PhysRevB.50.17953}{Projector augmented-wave method}},
  volume =  {50},
  year =  {1994}
}

@article{Wood1981,
  author = {Wood, G. J. and Bursill, L. A.},
  journal = {Proc. R. Soc. A},
  title = {\href{http://rspa.royalsocietypublishing.org/content/375/1760/105}{The Formation Energy of Crystallographic Shear Planes in Ti$_n$O$_{2n - 1}$}},
  number = {1760},
  pages = {105--125},
  volume = {375},
  year = {1981}
}

@article{Harada2010,
  author  = {Harada, S. and Tanaka, K. and Inui, H.},
  journal   = {J. Appl. Phys.},
  title = {\href{http://scitation.aip.org/content/aip/journal/jap/108/8/10.1063/1.3498801}{Thermoelectric properties and crystallographic shear structures in titanium oxides of the Magn\'eli phases}},
  number  = {8},
  pages   = {083703},
  volume  = {108},
  year    = {2010}
}

@article{Anderson19671393,
  journal =   "J. Phys. Chem. Solids ",
  title = {\href{http://dx.doi.org/10.1016/0022-3697(67)90268-5}{On the possible role of dislocations in generating ordered and disordered shear structures}},
  volume =    "28",
  number =    "8",
  pages =     "1393 - 1408",
  year =      "1967",
  issn =      "0022-3697",
  author =    "Anderson, J.S. and Hyde, B.G.",
}

@article{Li2009b,
  author = {Li, Y-H. and Walsh, A. and Chen, S. and Yin, W-J. and Yang, J-H. and Li, J. and {Da Silva}, J. L. F. and Gong, X. G. and Wei, S-H.},
  journal = {Appl. Phys. Lett.},
  title = {\href{http://scitation.aip.org/content/aip/journal/apl/94/21/10.1063/1.3143626}{Revised ab initio natural band offsets of all group IV, II-VI, and III-V semiconductors}},
  number = {21},
  pages = {212109},
  volume = {94},
  year = {2009}
}

@article{Padilha2015,
  author = {Padilha, A. C. M. and Rocha, A. R. and Dalpian, G. M.},
  title = {\href{http://journals.aps.org/prapplied/abstract/10.1103/PhysRevApplied.3.024009}{DFT+U Simulation of the Ti$_4$O$_7$−TiO$_2$ Interface}},
  journal = {Phys. Rev. Appl.},
  number = {2},
  pages = {024009},
  volume = {3},
  year = {2015}
}

@article{Lany2007,
  author = {Lany, Stephan and Osorio-Guill{\'{e}}n, Jorge and Zunger, Alex},
  journal = {Phys. Rev. B},
  number = {24},
  pages = {241203},
  title = {\href{http://link.aps.org/doi/10.1103/PhysRevB.75.241203}{Origins of the doping asymmetry in oxides: Hole doping in NiO versus electron doping in ZnO}},
  volume = {75},
  year = {2007}
}

@article{Haldane1976,
  author = {Haldane, F. and Anderson, P.},
  title = {\href{http://journals.aps.org/prb/abstract/10.1103/PhysRevB.13.2553}{Simple model of multiple charge states of transition-metal impurities in semiconductors}},
  issn = {0556-2805},
  journal = {Phys. Rev. B},
  number = {6},
  pages = {2553--2559},
  volume = {13},
  year = {1976}
}

@article{Zhang2000,
  author = {Zhang, Sb and Wei, S.-H. and Zunger, Alex},
  journal = {Phys. Rev. Lett.},
  number = {6},
  pages = {1232--1235},
  pmid = {11017486},
  title = {\href{http://www.ncbi.nlm.nih.gov/pubmed/11017486 http://link.aps.org/doi/10.1103/PhysRevLett.84.1232}{Microscopic Origin of the Phenomenological Equilibrium “Doping Limit Rule” in n-Type III-V Semiconductors}},
  volume = {84},
  year = {2000}
}

@article{Watkins1984,
  author = {Watkins, George D},
  journal = {Adv. Sol. State Phys.},
  title = {\href{http://link.springer.com/chapter/10.1007%2FBFb0107450}{Negative-U properties for defects in solids}},
  pages = {163--189},
  volume = {24},
  year = {1984}
}

@article{Raebiger2014,
  author = {Raebiger, Hannes and Nakayama, Hikaru and Fujita, Takeshi},
  title = {\href{http://scitation.aip.org/content/aip/journal/jap/115/1/10.1063/1.4838016}{Control of defect binding and magnetic interaction energies in dilute magnetic semiconductors by charge state manipulation}},
  journal = {J. Appl. Phys.},
  number = {1},
  volume = {115},
  year = {2014}
}

@article{Young2015,
  author = {Young, Matthias J. and Holder, Aaron M. and George, Steven M. and Musgrave, Charles B.},
  title = {\href{http://pubs.acs.org/doi/abs/10.1021/cm503544e}{Charge Storage in Cation Incorporated $\alpha$-MnO$_2$}},
  journal = {Chem. Mat.},
  number = {27},
  pages = {1172-1180},
  year = {2015}
}

@article{Andersson1957,
  author = {Andersson, Sten and Coll\'{e}n, Bengt and Kuylenstierna, Ulf and Magn\'{e}li, Arne and Pestmalis, Herbert and \AA sbrink, Stig},
  journal = {Acta Chem. Scand.},
  pages = {1641--1652},
  title = {\href{http://actachemscand.org/doi/10.3891/acta.chem.scand.11-1641}{Phase Analysis Studies on the Titanium-Oxygen System.}},
  volume = {11},
  year = {1957}
}

@article{Liborio2009,
  author = {Liborio, Leandro and Mallia, Giuseppe and Harrison, Nicholas},
  journal = {Phys. Rev. B},
  number = {24},
  pages = {245133},
  title = {\href{http://link.aps.org/doi/10.1103/PhysRevB.79.245133}{Electronic structure of the Ti$_4$O$_7$ Magn{\'{e}}li phase}},
  volume = {79},
  year = {2009}
}

@article{Liborio2008,
  author = {Liborio, Leandro and Harrison, Nicholas},
  journal = {Phys. Rev. B},
  number = {10},
  pages = {1--10},
  title = {\href{http://link.aps.org/doi/10.1103/PhysRevB.77.104104}{Thermodynamics of oxygen defective Magn{\'{e}}li phases in rutile: A first-principles study}},
  volume = {77},
  year = {2008}
}


@article{Weissmann2011,
  author = {Weissmann, Mariana and Weht, Ruben},
  journal = {Phys. Rev. B},
  number = {14},
  pages = {144419},
  title = {\href{http://link.aps.org/doi/10.1103/PhysRevB.84.144419}{Electronic and magnetic properties of the different phases of Ti$_4$O$_7$ from density functional theory}},
  volume = {84},
  year = {2011}
}

@article{Leonov2006,
  author = {Leonov, I and Yaresko, a N and Antonov, V N and Schwingenschl{\"{o}}gl, U and Eyert, V and Anisimov, V I},
  journal = {J. Phys. Cond. Mat.},
  number = {48},
  pages = {10955--10964},
  title = {\href{http://stacks.iop.org/0953-8984/18/i=48/a=022?key=crossref.f506424ff0123f054c0ccf452b39be76}{Charge order and spin-singlet pair formation in Ti$_4$O$_7$}},
  volume = {18},
  year = {2006}
}

@article{Slipukhina2014,
  title = {\href{http://link.aps.org/doi/10.1103/PhysRevB.90.155133}{Electronic and magnetic properties of the Ti$_5$O$_9$ Magn\'eli phase}},
  author = {Slipukhina, I. and Le\ifmmode \check{z}\else \v{z}\fi{}ai\ifmmode \acute{c}\else \'{c}\fi{}, M.},
  journal = {Phys. Rev. B},
  volume = {90},
  issue = {15},
  pages = {155133},
  numpages = {8},
  year = {2014}
}

@article{Kudo2014,
  author = {Kudo, Masaki and Arita, Masashi and Ohno, Yuuki and Takahashi, Yasuo},
  journal = {Appl. Phys. Lett.},
  number = {17},
  pages = {173504},
  title = {\href{http://scitation.aip.org/content/aip/journal/apl/105/17/10.1063/1.4898773}{Filament formation and erasure in molybdenum oxide during resistive switching cycles}},
  volume = {105},
  year = {2014}
}

@article{Dearnaley1970,
  author = {Dearnaley, G and Stoneham, A M and Morgan, D V},
  journal = {Rep. Prog. Phys.},
  number = {3},
  pages = {1129--1191},
  title = {\href{http://iopscience.iop.org/0034-4885/33/3/306 http://stacks.iop.org/0034-4885/33/i=3/a=306?key=crossref.74b316d5798d76adf37ecef3ff27e351}{Electrical phenomena in amorphous oxide films}},
  volume = {33},
  year = {1970}
}

@article{Kim2006,
  author = {Kim, D. C. and Seo, S. and Ahn, S. E. and Suh, D.-S. and Lee, M. J. and Park, B.-H. and Yoo, I. K. and Baek, I. G. and Kim, H.-J. and Yim, E. K. and Lee, J. E. and Park, S. O. and Kim, H. S. and Chung, U-In and Moon, J. T. and Ryu, B. I.},
  journal = {Appl. Phys. Lett.},
  number = {20},
  pages = {202102},
  title = {\href{http://link.aip.org/link/APPLAB/v88/i20/p202102/s1\&Agg=doi}{Electrical observations of filamentary conductions for the resistive memory switching in NiO films}},
  volume = {88},
  year = {2006}
}

@article{Sharma2014,
  author = {Sharma, Abhishek a. and Noman, Mohammad and Abdelmoula, Mohamed and Skowronski, Marek and Bain, James a.},
  journal = {Adv. Funct. Mater.},
  pages = {5522--5529},
  title = {\href{http://onlinelibrary.wiley.com/doi/10.1002/adfm.201400461/abstract;jsessionid=06B8F2A7DFE0AA3EC6C1FFBA9809898D.f01t01}{Electronic instabilities leading to electroformation of binary metal oxide-based resistive switches}},
  year = {2014}
}

@article{Yalon2012,
  author = {Yalon, E and Cohen, S and Gavrilov, a and Ritter, D},
  journal = {Nanotechnology},
  number = {46},
  pages = {465201},
  pmid = {23093285},
  title = {\href{http://www.ncbi.nlm.nih.gov/pubmed/23093285}{Evaluation of the local temperature of conductive filaments in resistive switching materials.}},
  volume = {23},
  year = {2012}
}

@BOOK{lapack,
      AUTHOR = {Anderson, E. and Bai, Z. and Bischof, C. and
                Blackford, S. and Demmel, J. and Dongarra, J. and
                Du Croz, J. and Greenbaum, A. and Hammarling, S. and
                McKenney, A. and Sorensen, D.},
      TITLE = {{LAPACK} Users' Guide},
      EDITION = {Third},
      PUBLISHER = {Society for Industrial and Applied Mathematics},
      YEAR = {1999},
      ADDRESS = {Philadelphia, PA},
      ISBN = {0-89871-447-8 (paperback)} }

@book{NR,
  author = {William H. Press and Saul A. Teukolsky and William T. Vetterling and Brian P. Flannery},
  title = {Numerical Recipes in C},
  publisher = {Cambridge University Press},
  year = {2002}
}

@book{Datta,
  author = {S. Datta},
  title = {Quantum Transport: Atom to Transistor},
  publisher = {Cambridge University Press},
  year = {2005}
}

@misc{King,
  title =   "Finite Difference Schemes and the Schrodinger Equation",
  author =  "J. King and P. Dhakal",
  year =  "2014",
  note =  "visited in Nov. 4, 2015",
  url =   "http://goo.gl/zCWTDz"
}

@book{Cohen-Tannoudji,
   author = {Claude Cohen-Tannoudji and Bernard Diu and Frank Laloe},
   title = {Quantum Mechanics},
   publisher = {Wiley-VCH},
   year = {1992}
} 

@article{Henkelman2000a,
  author = {Henkelman, Graeme and Uberuaga, Blas P. and Jo\'onsson, Hannes},
  journal = {J. Chem. Phys.},
  number = {22},
  pages = {9901},
  title = {\href{http://link.aip.org/link/JCPSA6/v113/i22/p9901/s1{\&}Agg=doi}{A climbing image nudged elastic band method for finding saddle points and minimum energy paths}},
  volume = {113},
  year = {2000}
}

@article{Henkelman2000b,
  author = {Henkelman, Graeme and Jo\'onsson, Hannes},
  journal = {J. Chem. Phys.},
  number = {22},
  pages = {9978},
  title = {\href{http://link.aip.org/link/JCPSA6/v113/i22/p9978/s1{\&}Agg=doi}{Improved tangent estimate in the nudged elastic band method for finding minimum energy paths and saddle points}},
  volume = {113},
  year = {2000}
}

@article{Crehuet2003,
  author = {Crehuet, Ramon and Field, Martin J.},
  journal = {J. Chem. Phys.},
  number = {21},
  pages = {9563--9571},
  title = {\href{http://scitation.aip.org/content/aip/journal/jcp/118/21/10.1063/1.1571817}{A temperature-dependent nudged-elastic-band algorithm}},
  volume = {118},
  year = {2003}
}

@Book{FazzioCanutoVianna,
  author =  "Adalberto Fazzio and Jos\'e David M. Vianna and Sylvio Canuto",
  title =   "Teoria Qu\^antica de Mol\'eculas e S\'olidos",
  year =  "2004",
  publisher = "Editora Livraria da F\'isica"
}

@Article{Hohenberg_Kohn_64,
  title =   {\href{http://journals.aps.org/pr/abstract/10.1103/PhysRev.136.B864}{Inhomogeneous Electron Gas}},
  author =  {Hohenberg, P.  and Kohn, W. },
  journal =   {Phys. Rev.},
  volume =  {136},
  number =  {3B},
  pages =   {B864--B871},
  numpages =  {7},
  year =  {1964}
}

@article{Thomas,
  author =  {Thomas, L. H.},
  title =   {\href{http://journals.cambridge.org/article_S0305004100011683}{The calculation of atomic fields}},
  journal =   {Mat. Proc. Camb. Phil. Soc.},
  volume =  {23},
  number =  {05},
  pages =   {542-548},
  year =    {1927},
}

@Book{YangParr,
  author =  "Robert G. Parr and Weitao Yang",
  title =   "Density Functional Theory of Atoms and Molecules",
  year =  "1989",
  edition =     "1$^{st}$",
  publisher =   "Oxford University Press",
  isbn =  "0-19-504279-4"
}

@Article{Kohn_Sham_65,
  title =   {\href{http://journals.aps.org/pr/abstract/10.1103/PhysRev.140.A1133}{Self-Consistent Equations Including Exchange and Correlation Effects}},
  author =  {Kohn, W.  and Sham, L. J.},
  journal =   {Phys. Rev.},
  volume =  {140},
  number =  {4A},
  pages =   {A1133--A1138},
  numpages =  {5},
  year =  {1965}
}

@article{Kresse1996a,
  author =  {Kresse, G and Furthm\"{u}ller, J},
  journal =   {Phys. Rev. B},
  number =  {16},
  pages =   {11169--11186},
  pmid =  {9984901},
  title =   {\href{http://www.ncbi.nlm.nih.gov/pubmed/9984901 http://link.aps.org/doi/10.1103/PhysRevB.54.11169}{Efficient iterative schemes for ab initio total-energy calculations using a plane-wave basis set}},
  volume =  {54},
  year =  {1996}
}

@article{Capelle2006,
  author =  {Capelle, Klaus},
  journal =   {Braz. J. Phys.},
  number =  {4},
  pages =   {1318--1343},
  title =   {\href{http://www.sbfisica.org.br/bjp/files/v36_1318.pdf}{A Bird's-Eye View of Density-Functional Theory}},
  volume =  {36},
  year =  {2006}
}

@article{Zangwill2014,
  year={2014},
  journal={Arch. Hist. Exact Sci.},
  volume={68},
  number={6},
  title={\href{http://dx.doi.org/10.1007/s00407-014-0140-x}{The education of Walter Kohn and the creation of density functional theory}},
  author={Zangwill, Andrew},
  pages={775-848}
}

@Book{Jensen,
  author = "Frank Jensen",
  title = "Introduction to Computational Chemistry",
  year = "1999",
  publisher = "John Wiley {\&} Sons, inc"
}

@article{Kresse1996b,
  author = {Kresse, G and Furthm{\"{u}}ller, J.},
  journal = {Comp. Mat. Sci.},
  number = {1},
  pages = {15--50},
  title = {\href{http://linkinghub.elsevier.com/retrieve/pii/0927025696000080}{Efficiency of ab-initio total energy calculations for metals and semiconductors using a plane-wave basis set}},
  volume = {6},
  year = {1996}
}

@article{Kresse1999,
  author = {Kresse, G},
  journal = {Phys. Rev. B},
  number = {3},
  pages = {1758--1775},
  title = {\href{http://link.aps.org/doi/10.1103/PhysRevB.59.1758}{From ultrasoft pseudopotentials to the projector augmented-wave method}},
  volume = {59},
  year = {1999}
}

@article{Kresse1993,
  author = {Kresse, G. and Hafner, J.},
  journal = {Phys. Rev. B},
  month = {jan},
  number = {1},
  pages = {558--561},
  title = {\href{http://link.aps.org/doi/10.1103/PhysRevB.47.558}{Ab initio molecular dynamics for liquid metals}},
  volume = {47},
  year = {1993}
}

@article{Fermi_28,
  year={1928},
  journal={Z. Physik},
  volume={48},
  number={1-2},
  title={\href{http://dx.doi.org/10.1007/BF01351576}{Eine statistische Methode zur Bestimmung einiger Eigenschaften des Atoms und ihre Anwendung auf die Theorie des periodischen Systems der Elemente}},
  author={Fermi, E.},
  pages={73-79}
}

@article{Bloch_29,
  year={1929},
  journal={Z. Physik},
  volume={57},
  number={7-8},
  title={\href{http://dx.doi.org/10.1007/BF01340281}{Bemerkung zur Elektronentheorie des Ferromagnetismus und der elektrischen Leitf\"ahigkeit}},
  author={Bloch, F.},
  pages={545-555}
}

@article{Heyd2003,
  author = {Heyd, Jochen and Scuseria, Gustavo E. and Ernzerhof, Matthias},
  journal = {J. Chem. Phys.},
  number = {18},
  pages = {8207},
  title = {\href{http://link.aip.org/link/JCPSA6/v118/i18/p8207/s1{\&}Agg=doi}{Hybrid functionals based on a screened Coulomb potential}},
  volume = {118},
  year = {2003}
}

@article{Dudarev1998,
  author = {Dudarev, S L and Savrasov, S Y and Humphreys, C J and Sutton, A P},
  journal = {Phys. Rev. B},
  number = {3},
  pages = {1505--1509},
  title = {\href{http://link.aps.org/doi/10.1103/PhysRevB.57.1505}{Electron-energy-loss spectra and the structural stability of nickel oxide: An LSDA+U study}},
  volume = {57},
  year = {1998}
}

@article{Monkhorst1976,
  author = {Monkhorst, Hendrik J. and Pack, James D.},
  journal = {Phys. Rev. B},
  number = {12},
  pages = {5188--5192},
  pmid = {1966486},
  title = {\href{http://link.aps.org/doi/10.1103/PhysRevB.13.5188}{Special points for Brillouin-zone integrations}},
  volume = {13},
  year = {1976}
}

@article{Momma2011,
  author = "Momma, Koichi and Izumi, Fujio",
  title = "{\href{http://dx.doi.org/10.1107/S0021889811038970}{{\it VESTA3} for three-dimensional visualization of crystal, volumetric and morphology data}}",
  journal = "J. Appl. Cryst.",
  year = "2011",
  volume = "44",
  number = "6",
  pages = "1272--1276",
}

@article {phonopy,
     Journal = {Scr. Mater.},
     Year = {2015},
     Title = {\href{http://www.sciencedirect.com/science/article/pii/S1359646215003127}{First principles phonon calculations in materials science}},
     Author = {Togo, A and Tanaka, I},
     Pages = {1--5},
     Volume = {108},
}

@article{Perdew1997,
  author = {Perdew, John P. and Burke, Kieron and Ernzerhof, Matthias},
  journal = {Phys. Rev. Lett.},
  number = {7},
  pages = {1396--1396},
  title = {\href{http://link.aps.org/doi/10.1103/PhysRevLett.78.1396}{Generalized Gradient Approximation Made Simple [Phys. Rev. Lett. 77, 3865 (1996)]}},
  volume = {78},
  year = {1997}
}

@Article{Bahn2002,
  Author = {S. R. Bahn and K. W. Jacobsen},
  Title = {\href{http://ieeexplore.ieee.org/xpl/articleDetails.jsp?arnumber=998641}{An object-oriented scripting interface to a legacy electronic structure code}},
  Year = {2002},
  Volume = {4},
  Number = {3},
  Pages = {56-66},
  Journal = {Comput. Sci. Eng.},
}

@article{Vinit2013,
  author = {Vinit, a. and Bookjans, E. M. and {S{\'{a}} de Melo}, C. a. R. and Raman, C.},
  journal = {Phys. Rev. Lett.},
  number = {16},
  pages = {165301},
  title = {\href{http://link.aps.org/doi/10.1103/PhysRevLett.110.165301}{Antiferromagnetic Spatial Ordering in a Quenched One-Dimensional Spinor Gas}},
  volume = {110},
  year = {2013}
}

@article{Bose1924,
  author = {Bose, S. N.},
  journal = {Z. Physik},
  number = {1},
  pages = {384--393},
  title = {\href{http://link.springer.com/10.1007/BF01328037}{W{\"{a}}rmegleichgewicht im Strahlungsfeld bei Anwesenheit von Materie}},
  volume = {27},
  year = {1924}
}

@article{Chua2014,
  author = {Chua, Leon},
  journal = {Semicond. Sci. Tech.},
  number = {10},
  pages = {104001},
  title = {\href{http://stacks.iop.org/0268-1242/29/i=10/a=104001?key=crossref.ad43eb8113f35f3a395277739b7dcf63}{If it’s pinched it’s a memristor}},
  volume = {29},
  year = {2014}
}

@article{Ceperley1980,
  author = {Ceperley, D. M. and Alder, B. J.},
  journal = {Phys. Rev. Lett.},
  number = {7},
  pages = {566--569},
  title = {\href{http://link.aps.org/doi/10.1103/PhysRevLett.45.566}{Ground State of the Electron Gas by a Stochastic Method}},
  volume = {45},
  year = {1980}
}

@article{Dachille1968,
  author = {Dachille, Frank and Simons, P. Y. and Roy, Rustum},
  journal = {Am. Min.},
  number = {1967},
  pages = {1929--1939},
  title = {\href{http://scholar.google.com/scholar?hl=en{\&}btnG=Search{\&}q=intitle:Pressure-temperature+studies+of+anatase,{\#}0}{Pressure-Temperatue stdies of anatase, brookite, rutile and TiO$_2$-II}},
  volume = {53},
  year = {1968}
}

@article{Perdew2001,
  author = {Perdew, John P.},
  journal = {AIP Conf. Proc.},
  number = {2001},
  pages = {1--20},
  title = {\href{http://link.aip.org/link/?APC/577/1/1{\&}Agg=doi}{Jacob’s ladder of density functional approximations for the exchange-correlation energy}},
  volume = {577},
  year = {2001}
}

@article{Liu2013,
  author = {Liu, Mingzhen and Johnston, Michael B and Snaith, Henry J},
  journal = {Nature},
  number = {7467},
  pages = {395--8},
  title = {\href{http://www.scopus.com/inward/record.url?eid=2-s2.0-84884411335{\&}partnerID=tZOtx3y1}{Efficient planar heterojunction perovskite solar cells by vapour deposition.}},
  volume = {501},
  year = {2013}
}

@article{Stoliar2013,
  author = {Stoliar, Pablo and Cario, Laurent and Janod, Etiene and Corraze, Benoit and Guillot-Deudon, Catherine and Salmon-Bourmand, Sabrina and Guiot, Vincent and Tranchant, Julien and Rozenberg, Marcelo},
  journal = {Adv. Mat.},
  number = {23},
  pages = {3222--3226},
  title = {\href{http://onlinelibrary.wiley.com/doi/10.1002/adma.201301113/abstract}{Universal electric-field-driven resistive transition in narrow-gap Mott insulators}},
  volume = {25},
  year = {2013}
}

@article{Yalishev2012,
  author = {Yalishev, Vadim Sh and Yuldashev, Shavkat U and Kim, Yeon Soo and Park, Bae Ho},
  journal = {Nanotechnology},
  number = {37},
  pages = {375201},
  title = {\href{http://www.ncbi.nlm.nih.gov/pubmed/22922356}{The role of zinc vacancies in bipolar resistance switching of Ag/ZnO/Pt memory structures.}},
  volume = {23},
  year = {2012}
}

@inproceedings{Marchewka2015,
  author = {Marchewka, A and Waser, R and Menzel, S},
  booktitle = {2015 Int. Conf. Simul. Semicond. Proc. Dev. (SISPAD)},
  isbn = {978-1-4673-7858-1},
  number = {3},
  pages = {297--300},
  title = {\href{http://ieeexplore.ieee.org/lpdocs/epic03/wrapper.htm?arnumber=7292318}{Physical simulation of dynamic resistive switching in metal oxides using a Schottky contact barrier model}},
  volume = {2},
  year = {2015}
}

@article{Lee2011,
  author = {Lee, Myoung-Jae and Lee, Chang Bum and Lee, Dongsoo and Lee, Seung Ryul and Chang, Man and Hur, Ji Hyun and Kim, Young-Bae and Kim, Chang-Jung and Seo, David H and Seo, Sunae and Chung, U-In and Yoo, In-Kyeong and Kim, Kinam},
  journal = {Nature Mat.},
  number = {8},
  pages = {625--30},
  title = {\href{http://www.ncbi.nlm.nih.gov/pubmed/21743450}{A fast, high-endurance and scalable non-volatile memory device made from asymmetric Ta$_2$O$_{5-x}$/TaO$_{2-x}$ bilayer structures.}},
  volume = {10},
  year = {2011}
}

@article{Strukov2009,
  author = {Strukov, Dmitri B and Borghetti, Julien L and Williams, R Stanley},
  journal = {Small},
  number = {9},
  pages = {1058--63},
  title = {\href{http://www.ncbi.nlm.nih.gov/pubmed/19226597}{Coupled ionic and electronic transport model of thin-film semiconductor memristive behavior.}},
  volume = {5},
  year = {2009}
}

@article{Simon2008,
 author = {Simon, Patrice and Gogotsi, Yury},
 journal = {Nat Mater},
 number = {11},
 pages = {845--854},
 title = {\href{http://dx.doi.org/10.1038/nmat2297}{Materials for electrochemical capacitors}},
 volume = {7},
 year = {2008}
}

@article{Yang2009,
  author = {Yang, Y. C. and Pan, F. and Zeng, F. and Liu, M.},
  journal = {J. Appl. Phys.},
  number = {12},
  pages = {123705},
  title = {\href{http://scitation.aip.org/content/aip/journal/jap/106/12/10.1063/1.3273329}{Switching mechanism transition induced by annealing treatment in nonvolatile Cu/ZnO/Cu/ZnO/Pt resistive memory: From carrier trapping/detrapping to electrochemical metallization}},
  volume = {106},
  year = {2009}
}